<record><leader>00000cas a2200000 a 4500</leader><controlfield tag="001">12624432</controlfield><controlfield tag="008">851002d18401843scuwr ne      0    0eng  </controlfield><datafield ind1=" " ind2=" " tag="010"><subfield code="a">sn 85042530 </subfield></datafield><datafield ind1=" " ind2=" " tag="040"><subfield code="a">DLC</subfield><subfield code="b">eng</subfield><subfield code="c">DLC</subfield><subfield code="d">NPX</subfield><subfield code="d">DLC</subfield><subfield code="d">SVN</subfield><subfield code="d">NVK</subfield><subfield code="d">FUG</subfield><subfield code="d">OCL</subfield><subfield code="d">DLC</subfield><subfield code="d">OCL</subfield><subfield code="d">CVF</subfield><subfield code="d">HLS</subfield><subfield code="d">OCLCO</subfield><subfield code="d">OCLCQ</subfield><subfield code="d">OCLCF</subfield></datafield><datafield ind1="1" ind2=" " tag="029"><subfield code="a">AU@</subfield><subfield code="b">000021432004</subfield></datafield><datafield ind1=" " ind2=" " tag="042"><subfield code="a">pcc</subfield></datafield><datafield ind1=" " ind2=" " tag="043"><subfield code="a">n-us-sc</subfield></datafield><datafield ind1="0" ind2=" " tag="130"><subfield code="a">Highland sentinel (Calhoun, S.C.)</subfield></datafield><datafield ind1="1" ind2="0" tag="245"><subfield code="a">Highland sentinel.</subfield></datafield><datafield ind1="1" ind2="3" tag="246"><subfield code="a">Sentinel</subfield></datafield><datafield ind1=" " ind2=" " tag="260"><subfield code="a">Calhoun Anderson Dist. [i.e. Calhoun], S.C. :</subfield><subfield code="b">J.P. Reed</subfield></datafield><datafield ind1=" " ind2=" " tag="300"><subfield code="a">v.</subfield></datafield><datafield ind1=" " ind2=" " tag="310"><subfield code="a">Weekly</subfield></datafield><datafield ind1="0" ind2=" " tag="362"><subfield code="a">Vol. 1, no. 1 (Sept. 4, 1840) - v. 3, no. 52 (Oct. 13, 1843).</subfield></datafield><datafield ind1=" " ind2=" " tag="500"><subfield code="a">Published at Anderson C.H., S.C., Jan. 7, 1842 - Oct. 13, 1843.</subfield></datafield><datafield ind1=" " ind2=" " tag="530"><subfield code="a">Microfilm available from the University of South Carolina.</subfield></datafield><datafield ind1=" " ind2="0" tag="651"><subfield code="a">Anderson (S.C.)</subfield><subfield code="v">Newspapers.</subfield></datafield><datafield ind1=" " ind2="0" tag="651"><subfield code="a">Anderson County (S.C.)</subfield><subfield code="v">Newspapers.</subfield></datafield><datafield ind1=" " ind2="7" tag="655"><subfield code="a">Newspapers.</subfield><subfield code="2">fast</subfield><subfield code="0">(OCoLC)fst01423814</subfield></datafield><datafield ind1=" " ind2="7" tag="651"><subfield code="a">South Carolina</subfield><subfield code="z">Anderson.</subfield><subfield code="2">fast</subfield><subfield code="0">(OCoLC)fst01214174</subfield></datafield><datafield ind1=" " ind2="7" tag="651"><subfield code="a">South Carolina</subfield><subfield code="z">Anderson County.</subfield><subfield code="2">fast</subfield><subfield code="0">(OCoLC)fst01209417</subfield></datafield><datafield ind1=" " ind2=" " tag="752"><subfield code="a">United States</subfield><subfield code="b">South Carolina</subfield><subfield code="c">Anderson</subfield><subfield code="d">Anderson.</subfield></datafield><datafield ind1=" " ind2=" " tag="752"><subfield code="a">United States</subfield><subfield code="b">South Carolina</subfield><subfield code="c">Pickens</subfield><subfield code="d">Calhoun.</subfield></datafield><datafield ind1="0" ind2="0" tag="785"><subfield code="t">Anderson gazette (Anderson, S.C. : 1843)</subfield><subfield code="w">(DLC)sn 85042528</subfield><subfield code="w">(OCoLC)12624362</subfield></datafield></record>